


@Misc{xrn:thuthesis,
  OPTkey = 	 {},
  author =	 {薛瑞尼},
  title =	 {ThuThesis:清华大学学位论文模板},
  OPThowpublished = {},
  OPTmonth = 	 {},
  OPTyear = 	 {},
  OPTnote = 	 {},
  OPTannote = 	 {}
}

@Misc{xrn:howtopackage,
  OPTkey = 	 {},
  author =	 {薛瑞尼},
  title =	 {如何编写宏包},
  howpublished = {http://learn.tsinghua.edu.cn:8080/2003214890/publish/TeX/Doc.html},
  OPTmonth = 	 {},
  OPTyear = 	 {},
  OPTnote = 	 {},
  OPTannote = 	 {}
}

@Misc{wloo,
  OPTkey = 	 {},
  author =	 {wloo},
  title =	 {用LaTeX写漂亮学位论文},
  howpublished = {http://ymei.freeshell.org/WebWiki/Computer/ThesisWithLaTeX.html},
  OPTmonth = 	 {},
  OPTyear = 	 {},
  OPTnote = 	 {},
  OPTannote = 	 {}
}

@Misc{seugs:standard,
  OPTkey = 	 {},
  author =	 {东南大学研究生院},
  title =	 {东南大学研究生学位论文格式规定},
  howpublished = {http://seugs.seu.edu.cn/glbf/2-16.htm},
  OPTmonth = 	 {},
  OPTyear = 	 {},
  OPTnote = 	 {},
  OPTannote = 	 {}
}

@Misc{seucover,
  OPTkey = 	 {},
  author =	 {hbsjzzxgssb},
  title =	 {东南大学学位论文封面},
  OPThowpublished = {},
  OPTmonth = 	 {},
  OPTyear = 	 {},
  OPTnote = 	 {},
  OPTannote = 	 {}
}

